@article{guttag1978adt,
    title={{A}bstract {D}ata {T}ypes and {S}oftware {V}alidation},
    author={Guttag, J.V. and Horowitz, E. and Musser, D.R.},
    journal={Communications of the ACM},
    pages={1048--1064},
    volume={21},
    month={December},
    year={1978},
    publisher={ACM New York, NY, USA}
}

@inproceedings{hutton1998fau,
    title={{F}old and {U}nfold for {P}rogram {S}emantics},
    author={Hutton, G.},
    booktitle={ICFP},
    year={1998},
    month={September},
}
